%% Saved with string encoding Unicode (UTF-8) 

@article{malt,
	Author = {Nivre, Joakim and Hall, Johan and Nilsson, Jens and Chanev, Atanas and Eryiğit, Gülşen and Kübler, Sandra and Marinov, Svetoslav and Marsi, Erwin},
	Title = {MaltParser: A language-independent system for data-driven dependency parsing},
	Year = 2007,
	Journal = {Natural Language Engineering},
	Volume = 13,
	Number = 2,
	Pages = {95--135},
	CommentDoi = {10.1017/S1351324906004505},
	CommentUrl = {http://journals.cambridge.org/action/displayAbstract?fromPage=online&aid=1012768}}

@InProceedings{mst,
  author    = {McDonald, Ryan  and  Pereira, Fernando  and  Ribarov, Kiril  and  Hajič, Jan},
  title     = {Non-Projective Dependency Parsing using Spanning Tree Algorithms},
  booktitle = {Proceedings of Human Language Technology Conference and Conference on Empirical Methods in Natural Language Processing},
  month     = {October},
  year      = {2005},
  address   = {Vancouver, British Columbia, Canada},
  publisher = {Association for Computational Linguistics},
  pages     = {523--530},
  url       = {http://www.aclweb.org/anthology/H/H05/H05-1066}
}

@InProceedings{buchholz-marsi:2006:CoNLL-X,
  author    = {Buchholz, Sabine  and  Marsi, Erwin},
  title     = {CoNLL-X Shared Task on Multilingual Dependency Parsing},
  booktitle = {Proceedings of the Tenth Conference on Computational Natural Language Learning (CoNLL-X)},
  month     = {June},
  year      = {2006},
  address   = {New York City},
  publisher = {Association for Computational Linguistics},
  pages     = {149--164},
  url       = {http://www.aclweb.org/anthology/W/W06/W06-2920}
}

@InProceedings{nivre-EtAl:2007:EMNLP-CoNLL2007,
  author    = {Nivre, Joakim  and  Hall, Johan  and  K\"ubler, Sandra  and  McDonald, Ryan  and  Nilsson, Jens  and  Riedel, Sebastian  and  Yuret, Deniz},
  title     = {The {CoNLL} 2007 Shared Task on Dependency Parsing},
  booktitle = {Proceedings of the CoNLL Shared Task Session of EMNLP-CoNLL 2007},
  month     = {June},
  year      = {2007},
  address   = {Praha, Czechia},
  publisher = {Association for Computational Linguistics},
  pages     = {915--932},
  url       = {http://www.aclweb.org/anthology/D/D07/D07-1096}
}

@book{svm,
  author    = {Cristianini, Nello and Shawe-Taylor, John},
  title     = {An Introduction to Support Vector Machines and Other Kernel-Based Learning Methods},
  year      = {2000},
  address   = {Cambridge, UK},
  publisher = {Cambridge University Press}}

@phdthesis{dzparser,
  author      = {Daniel Zeman},
  title       = {Parsing with a Statistical Dependency Model},
  year        = {2004},
  address     = {Praha, Czechia},
  school      = {Univerzita Karlova v Praze},
}

@InProceedings{titov-henderson:2007:EMNLP-CoNLL2007,
  author    = {Titov, Ivan  and  Henderson, James},
  title     = {Fast and Robust Multilingual Dependency Parsing with a Generative Latent Variable Model},
  booktitle = {Proceedings of the CoNLL Shared Task Session of EMNLP-CoNLL 2007},
  month     = {June},
  year      = {2007},
  address   = {Praha, Czechia},
  publisher = {Association for Computational Linguistics},
  pages     = {947--951},
  url       = {http://www.aclweb.org/anthology/D/D07/D07-1099}
}

@InProceedings{nivre:2009:ACLIJCNLP,
  author    = {Nivre, Joakim},
  title     = {Non-Projective Dependency Parsing in Expected Linear Time},
  booktitle = {Proceedings of the Joint Conference of the 47th Annual Meeting of the ACL and the 4th International Joint Conference on Natural Language Processing of the AFNLP},
  month     = {August},
  year      = {2009},
  address   = {Suntec, Singapore},
  publisher = {Association for Computational Linguistics},
  pages     = {351--359},
  url       = {http://www.aclweb.org/anthology/P/P09/P09-1040}
}

@inproceedings{ biblio:ZeZaImprovingParsing2005,
  author    = {Daniel Zeman and Zden{\v{e}}k {\v{Z}}abokrtsk{\'{y}}},
  title     = {Improving Parsing Accuracy by Combining Diverse Dependency Parsers},
  booktitle = {Proceedings of the Ninth International Workshop on Parsing Technologies ({IWPT})},
  year      = {2005},
  publisher = {Association for Computational Linguistics},
  institution = {Simon Fraser University},
  address   = {Vancouver, British Columbia, Canada},
  venue     = {Westin Hotel},
  pages     = {171--178},
  isbn      = {1-932432-58-2},
}

@article{neproj,
	Author = {Hajičová, Eva and Havelka, Jiří and Sgall, Petr and Veselá, Kateřina and Zeman, Daniel},
	Title = {Issues of Projectivity in the Prague Dependency Treebank},
	Year = 2004,
	Journal = {The Prague Bulletin of the Mathematical Linguistics},
	Volume = 81,
}

@InProceedings{nivre-mcdonald:2008:ACLMain,
  author    = {Nivre, Joakim  and  McDonald, Ryan},
  title     = {Integrating Graph-Based and Transition-Based Dependency Parsers},
  booktitle = {Proceedings of ACL-08: HLT},
  month     = {June},
  year      = {2008},
  address   = {Columbus, Ohio},
  publisher = {Association for Computational Linguistics},
  pages     = {950--958},
  url       = {http://www.aclweb.org/anthology/P/P08/P08-1108}
}

@inbook{pdt,
author      = {Alena B{\"{o}}hmov{\'{a}} and Jan Haji{\v{c}} and Eva Haji{\v{c}}ov{\'{a}} and Barbora Hladk{\'{a}}},
title       = {The Prague Dependency Treebank: A Three-Level Annotation Scenario},
booktitle   = {Treebanks: Building and Using Syntactically Annotated Corpora},
year        = {2003},
chapter     = {7},
pages       = {103--128},
publisher   = {Kluwer Academic Publishers},
address     = {Dordrecht, The Netherlands},
}

@inproceedings{multext-east,
	author    = {Erjavec, Tomaž},
	title     = {MULTEXT-East Version 3: Multilingual Morphosyntactic Specifications, Lexicons and Corpora},
	booktitle = {Proceedings of the Fourth International Conference on Language Resources and Evaluation (LREC 2004)},
	year      = {2004},
	address   = {Lisboa, Portugal},
}

@inproceedings{talbanken,
	author    = {Nivre, Joakim and Nilsson, Jens and Hall, Johan},
	title     = {Talbanken05: A Swedish Treebank with Phrase Structure and Dependency Annotation},
	booktitle = {Proceedings of the 5th International Conference on Language Resources and Evaluation (LREC 2006)},
	year      = {2006},
	address   = {Genova, Italy},
}

@article{parolesv,
	author    = {Cinková, Silvie and Pomikálek, Jan},
	title     = {LEMPAS: A Make-Do Lemmatizer for the Swedish PAROLE-Corpus},
	journal   = {The Prague Bulletin of Mathematical Linguistics},
	year      = {2006},
	volume    = {86},
	pages     = {47--54},
	publisher = {Univerzita Karlova v Praze},
	address   = {Praha, Czechia},
}

@inproceedings{paroleda,
	author    = {Kromann, Matthias T. and Mikkelsen, Line and Stine Kern Lynge},
	title     = {Danish Dependency Treebank},
	booktitle = {http://www.id.cbs.dk/~mtk/treebank/},
	year      = {2004},
	address   = {København, Denmark},
}

@inproceedings{biblio:ZeReusableTagset2008,
	anonymizedAuthor = {Daniel Zeman},
	author = {XXXXX},
	anonymizedTitle = {Reusable Tagset Conversion Using Tagset Drivers},
	title = {XXXXX},
	booktitle = {Proceedings of the 6th International Conference on Language Resources and Evaluation ({LREC} 2008)},
	year = {2008},
	publisher = {European Language Resources Association},
	address = {Marrakech, Morocco},
	venue = {Palais des congr{\`{e}}s Mansour Eddahbi},
	isbn = {2-9517408-4-0},
}

@article{interlingua,
	author    = {Richens, Richard Hook},
	title     = {Interlingual Machine Translation},
	journal   = {The Computer Journal},
	year      = {1958},
	volume    = {1},
	number    = {3},
	pages     = {144--147},
	publisher = {British Computer Society},
	address   = {United Kingdom},
}

@inproceedings{bultreebank,
	author    = {Simov, Kiril and Osenova, Petya and Slavcheva, Milena},
	title     = {BTB-TR03: BulTreeBank Morphosyntactic Tagset},
	booktitle = {BulTreeBank Project Technical Report No. 03},
	year      = {2004},
	address   = {Sofija, Bulgaria},
}

@misc{eagles,
	author    = {EAGLES},
	title     = {Recommendations for the Morphosyntactic Annotation of Corpora},
	number    = {EAG--TCWG--MAC/R},
	year      = {1996},
	url       = {http://www.ilc.cnr.it/EAGLES96/annotate/annotate.html},
}

Poznámka: když jsem tady měl správně inbook, nezobrazoval se booktitle.
@inproceedings{LeechWilson1999,
	author    = {Leech, Geoffrey and Wilson, Andrew},
	title     = {Standards for Tagsets},
	booktitle = {Syntactic Wordclass Tagging. Text, Speech and Language Technology},
	year      = {1999},
	commentnumber    = {9},
	pages     = {55--80},
	publisher = {Kluwer Academic Publishers},
	address   = {Dordrecht, The Netherlands},
	isbn      = {0-7923-5896-1},
}

@misc{parole,
	author    = {Volz, Norbert and Lenz, Suzanne},
	title     = {Multilingual Corpus Tagset Specifications. MLAP PAROLE 63--386 WP 4.1.4},
	year      = {1996},
	address   = {Mannheim, Germany},
	url       = {http://www.elda.org/catalogue/en/text/doc/parole.html},
}

@inproceedings{multext,
	author    = {Ide, Nancy and Véronis, Jean},
	title     = {MULTEXT (Multilingual Tools and Corpora)},
	booktitle = {Proceedings of the 15th International Conference on Computational Linguistics (COLING-94)},
	year      = {1994},
	address   = {Kyoto, Japan},
	url       = {http://www.aclweb.org/anthology/C/C94/C94-1097.pdf},
}

@article{gold-ontology,
        author    = {Farrar, Scott and Langendoen, D. Terence},
        title     = {A linguistic ontology for the Semantic Web},
        journal   = {GLOT International},
        year      = {2003},
        volume    = {7},
        number    = {3},
        pages     = {97--100},
	url       = {http://www.linguistics-ontology.org/gold.html},
	urlpaper  = {http://faculty.washington.edu/farrar/documents/article/FarrarLangendoen2003.pdf},
}

@inproceedings{padt,
	author    = {Hajič, Jan and Smrž, Otakar and Zemánek, Petr and Šnaidauf, Jan and Beška, Emanuel},
	title     = {Prague Arabic Dependency Treebank: Development in Data and Tools},
	booktitle = {Proceedings of NEMLAR-2004},
	year      = {2004},
	pages     = {110--117},
}

@inproceedings{morphcon,
	author    = {Pořízka, Petr and Schäfer, Markus},
	title     = {MorphCon -- program pro konverzi českých morfologických tagsetů (MorphCon -- a Program for Conversion of Czech Morphosyntactic Tagsets)},
	booktitle = {Čeština ve formální gramatice},
	year      = {2009},
	month     = {February},
	address   = {Brno, Czechia},
}

@inproceedings{ZemanResnik2008,
	anonymizedAuthor    = {Zeman, Daniel and Resnik, Philip},
	author = {XXXXX},
	anonymizedTitle = {Cross-Language Parser Adaptation between Related Languages},
	title = {XXXXX},
	booktitle = {Proceedings of IJCNLP workshop on NLP of less privileged languages (NLPLPL)},
	year      = {2008},
	address   = {Hyderabad, India},
}
